<?xml version="1.0" encoding="UTF-8"?>
<SOAP-ENV:Envelope xmlns:SOAP-ENV="http://schemas.xmlsoap.org/soap/envelope/" xmlns:of="http://oss.dbc.dk/ns/openformat" xmlns:ofo="http://oss.dbc.dk/ns/openformatoutput"><SOAP-ENV:Body><of:formatResponse><marc:record xmlns:marc="http://www.loc.gov/MARC21/slim"><leader>00000naa a22000000c 4500</leader><controlfield tag="001">870971:71942031</controlfield><controlfield tag="003">DKDLA</controlfield><controlfield tag="005">20030704120742.0</controlfield><controlfield tag="007">ta</controlfield><controlfield tag="008">860526s1986    dk |||||||||| 00||udan||</controlfield><datafield ind1=" " ind2="0" tag="245"><subfield code="a">Breve fra Afrika</subfield></datafield><datafield ind1="1" ind2=" " tag="700"><subfield code="a">Harryson, Kajsa</subfield></datafield></marc:record></of:formatResponse></SOAP-ENV:Body></SOAP-ENV:Envelope>
